
@misc{omondi_analysisofcourseevaluations_2023,
	address = {Nairobi, Kenya},
	title = {{AnalysisOfCourseEvaluations}},
	copyright = {GPL-3.0},
	shorttitle = {Sentiment {Analysis}},
	url = {https://github.com/course-files/AnalysisOfCourseEvaluations},
	abstract = {Instructional materials (course files) for the BBT4206 course (Business Intelligence II) using R. Topic: Sentiment Analysis.},
	urldate = {2023-10-02},
	author = {Omondi, Allan},
	year = {2023},
	note = {original-date: 2023-09-30T18:34:35Z},
	keywords = {sentiment-analysis},
}
